@Manual{guidoct,
  title         = {Guide pour la rédaction et la présentation des thèses},
  subtitle      = {À l'usage des doctorants},
  editor        = {{\gls{mesr}}},
  shorteditor   = {mesr},
  date          = {2007},
  url           = {http://ed-histart.univ-paris1.fr/documents/file/guidoct.pdf},
  urlold        = {http://www.u-bordeaux1.fr/fileadmin/images-PDF/DOCUMENTATION/mylene/guidoct.pdf},
  urlold        = {http://www.sup.adc.education.fr/bib/Acti/These/guidoct.rtf}
}

@Manual{guidoct-abes,
  title         = {Guide du doctorant},
  editor        = {{Agence bibliographique de l'enseignement supérieur}},
  date          = {2016},
  url           = {http://abes.fr/Media/Fichiers/guide-doctorant},
}

@Manual{          biblatex,
  title         = {The \texttt{biblatex} package},
  subtitle      = {Programmable bibliographies and citations},
  author        = {Lehman, Philipp and Boruvka, Audrey and Kime, Philip and Wright, Joseph},
  version       = {3.14},
  date          = {2019-12-01},
  url           = {http://ctan.org/pkg/biblatex}
}

@Manual{          biber,
  title         = {biber},
  subtitle      = {A backend bibliography processor for biblatex},
  author        = {Kime, Philip and Charette, François},
  version       = {2.14},
  date          = {2019-12-01},
  url           = {http://ctan.org/pkg/biber}
}

@Manual{          glossaries,
  title         = {User Manual for glossaries.sty},
  author        = {Talbot, Nicola L.~C.},
  version       = {4.44},
  date          = {2019-12-06},
  url           = {http://ctan.org/pkg/glossaries}
}

@Manual{          droit-fr,
  title         = {{\LaTeX} appliqué au droit français},
  subtitle      = {Des outils adaptés à la rédaction de thèses en droit},
  author        = {de Saint-Pern, Yves},
  version       = {1.2},
  language      = {french},
  date          = {2016-02-20},
  url           = {http://ctan.org/pkg/droit-fr}
}

@Manual{          thesul,
  title         = {La classe de thèse UL (thesul)},
  author        = {Roegel, Denis},
  version       = {0.14},
  language      = {french},
  date          = {2013-10-06},
  url           = {https://members.loria.fr/DRoegel/TeX/TUL.html}
}

@Manual{          ulthese,
  title         = {ulthese : une classe pour les thèses et mémoires de l'Université Laval},
  author        = {Goulet, Vincent and d'Almeida, Koassi and Lasou, Pierre},
  organization  = {Faculté des études supérieures et postdoctorales de l'Université Laval},
  version       = {5.3},
  language      = {french},
  date          = {2019-11-29},
  url           = {http://ctan.org/pkg/ulthese}
}

@Online{          en-ligne6,
  Title         = {Conférence \LaTeX{} \no6},
  Author        = {Bitouzé, Denis},
  Date          = {2019-12-15},
  Url           = {https://frama.link/en-ligne6},
  Language      = {french},
  Organization  = {Université du Littoral Côte d'Opale},
  Subtitle      = {Bibliographie (biber/biblatex), citations d’extraits}
}

@Online{          en-ligne7,
  Title         = {Conférence \LaTeX{} \no7},
  Author        = {Bitouzé, Denis},
  Date          = {2019-12-15},
  Url           = {https://frama.link/en-ligne7},
  Language      = {french},
  Organization  = {Université du Littoral Côte d'Opale},
  Subtitle      = {Glossaires et (liste d’)acronymes, index}
}
