@Manual{guidoct,
  title         = {Guide pour la rédaction et la présentation des thèses},
  subtitle      = {À l'usage des doctorants},
  editor        = {{Ministère de l'enseignement supérieur et de la recherche}},
  date          = {2007},
  url           = {http://www.u-bordeaux1.fr/fileadmin/images-PDF/DOCUMENTATION/mylene/guidoct.pdf},
  urlold        = {http://www.sup.adc.education.fr/bib/Acti/These/guidoct.rtf}
}

@Manual{guidoct-abes,
  title         = {Guide du doctorant},
  editor        = {{Agence bibliographique de l'enseignement supérieur}},
  date          = {2013},
  url           = {http://www.abes.fr/Media/Fichiers/Theses-Fichiers/theses.fr/Guide-du-doctorant-2013-pdf},
}

@Manual{          biblatex,
  title         = {The \texttt{biblatex} package},
  subtitle      = {Programmable bibliographies and citations},
  author        = {Lehman, Philipp and Boruvka, Audrey and Kime, Philip and Wright, Joseph},
  version       = {2.8a},
  date          = {2013-11-25},
  url           = {http://tug.ctan.org/pkg/biblatex}
}

@Manual{          biber,
  title         = {biber},
  subtitle      = {A backend bibliography processor for biblatex},
  author        = {Kime, Philip and Charette, François},
  version       = {1.8},
  date          = {2013-10-18},
  url           = {http://tug.ctan.org/pkg/biber}
}

@Manual{          glossaries,
  title         = {User Manual for glossaries.sty},
  author        = {Talbot, Nicola L.~C.},
  version       = {4.02},
  date          = {2013-12-01},
  url           = {http://tug.ctan.org/pkg/glossaries}
}

@Manual{          droit-fr,
  title         = {{\LaTeX} appliqué au droit français},
  subtitle      = {Des outils adaptés à la rédaction de thèses en droit},
  author        = {de Saint-Pern, Yves},
  version       = {0.4},
  language      = {french},
  date          = {2014-01-30},
  url           = {http://ctan.org/pkg/droit-fr}
}

@Manual{          thesul,
  title         = {La classe de thèse UL (thesul)},
  author        = {Roegel, Denis},
  version       = {0.14},
  language      = {french},
  date          = {2013-10-06},
  url           = {http://www.loria.fr/~roegel/TeX/TUL.html}
}

@Manual{          ulthese,
  title         = {ulthese : une classe pour les thèses et mémoires de l'Université Laval},
  author        = {Goulet, Vincent and d'Almeida, Koassi and Lasou, Pierre},
  organization  = {Faculté des études supérieures et postdoctorales de l'Université Laval},
  version       = {3.0},
  language      = {french},
  date          = {2014-01-20},
  url           = {http://www.ctan.org/pkg/ulthese}
}

@Manual{          en-ligne6,
  title         = {Conférence  {\LaTeX} \no6},
  subtitle      = {Bibliographie (\package{biber}/\package{biblatex}), citations d'extraits},
  author        = {Bitouzé, Denis},
  language      = {french},
  date          = {2014-04-23},
  url           = {http://gte.univ-littoral.fr/members/dbitouze/pub/latex/diapositives-cours-d/conference-n-6/}
}

@Manual{          en-ligne7,
  title         = {Conférence  {\LaTeX} \no7},
  subtitle      = {Index, glossaires, acronymes},
  author        = {Bitouzé, Denis},
  language      = {french},
  date          = {2014-04-04},
  url           = {http://gte.univ-littoral.fr/members/dbitouze/pub/latex/diapositives-cours-d/conference-n-7/}
}
